@book{stachowiak,
author = {Herbert Stachowiak},
title = {Allgemeine Modelltheorie},
address = {Wien},
year = {1973},
}



@article{LaTeXNinjaDSE2022,
author = {Sarah Lang},
title = {What you really need to know about Digital Scholarly Editing},
journaltitle = {The \LaTeX{} Ninja Blog},
url = {https://latex-ninja.com/2022/10/30/what-you-really-need-to-know-about-digital-scholarly-editing/},
year = {2022},
}

@incollection{sahleDigitalEdition2016,
author = {Patrick Sahle},
editor = {Matthew J. Driscoll and Elena Pierazzo},
title = {What is a Scholarly Digital Edition?},
booktitle = {Digital Scholarly Editing: Theories and Practices},
year = {2016},
address = {Cambridge},
publisher = {Open Book Publisher},
url = {https://books.openedition.org/obp/3381},
pages = {19--39}
}

@incollection{sahleArchiv2007,
author = {Patrick Sahle},
editor = {Michael Stolz},
title = {Digitales Archiv und Digitale Edition. Anmerkungen zur Begriffsklärung},
booktitle = {Literatur und Literaturwissenschaft auf dem Weg zu den neuen Medien},
year = {2007},
address = {Zürich},
pages = {64--84}
}


@book{macroanalysis,
author = {Matthew L. Jockers},
title = {Macroanalysis. Digital Methods and Literary History},
address = {Chicago},
year = {2013},
}

@book{distantreading,
author = {Franco Moretti},
title = {Distant Reading},
address = {London},
year = {2013},
}

@book{graphsmoretti,
author = {Franco Moretti},
title = {Graphs, Maps, Trees. Abstract Models for a Literary History},
address = {London},
year = {2005},
}


@article{Drucker2011dataCapta,
author = {Johanna Drucker},
title = {Humanities Approaches to Graphical Display},
journaltitle = {Digital Humanities Quarterly},
volume = {5/1},
pages = {},
year = {2011},
}

@book{bachelard1968,
  Author = {Gaston Bachelard},
  Title = {Le nouvel esprit scientifique. 10th ed. (Original work published 1934)},
  Year = {1968},
  address = {Paris},
  publisher = {Les Presses universitaires de France},
}
